 
@ARTICLE{9153051,
  author={Amalladinne, Vamsi K. and Chamberland, Jean-Francois and Narayanan, Krishna R.},
  journal={IEEE Transactions on Information Theory}, 
  title={A Coded Compressed Sensing Scheme for Unsourced Multiple Access}, 
  year={2020},
  volume={66},
  number={10},
  pages={6509-6533},
  keywords={Compressed sensing;Encoding;Partitioning algorithms;Computational complexity;Maximum likelihood decoding;Communication;forward error correction;unsourced multiple-access;compressed sensing},
  doi={10.1109/TIT.2020.3012948}}
